<collection xmlns="http://www.loc.gov/MARC21/slim">
<record>
  <leader>01093nam0a22002291i 450 </leader>
  <controlfield tag="001">IT\ICCU\CNCE\053904</controlfield>
  <controlfield tag="005">20090916000000.0</controlfield>
  <datafield tag="100" ind1=" " ind2=" ">
    <subfield code="a">20030113d1597        0itac0103    ba</subfield>
  </datafield>
  <datafield tag="101" ind1=" " ind2=" ">
    <subfield code="a">LAT</subfield>
  </datafield>
  <datafield tag="102" ind1=" " ind2=" ">
    <subfield code="a">IT</subfield>
  </datafield>
  <datafield tag="200" ind1="1" ind2=" ">
    <subfield code="a">Insignia nomina tituli cognomina nuncupationes, patriae, &amp;c. reuerendissimorum dominorum s.r.e. cardinalium nunc viuentium</subfield>
  </datafield>
  <datafield tag="210" ind1=" " ind2=" ">
    <subfield code="a">Romae</subfield>
    <subfield code="c">apud impressores Camerales</subfield>
    <subfield code="d">1597 de mense Septembris</subfield>
  </datafield>
  <datafield tag="215" ind1=" " ind2=" ">
    <subfield code="a">1 foglio</subfield>
    <subfield code="c">ill.</subfield>
    <subfield code="d">fol</subfield>
  </datafield>
  <datafield tag="620" ind1=" " ind2=" ">
    <subfield code="a">IT</subfield>
    <subfield code="d">Roma</subfield>
  </datafield>
  <datafield tag="712" ind1="0" ind2="2">
    <subfield code="a">Stamperia Camerale</subfield>
    <subfield code="c"> &lt;Roma&gt;</subfield>
    <subfield code="3">IT\ICCU\CNCT\002461</subfield>
    <subfield code="4">650</subfield>
  </datafield>
  <datafield tag="791" ind1="0" ind2="2">
    <subfield code="a">Typographia Reverendae Camerae Apostolicae</subfield>
    <subfield code="3">IT\ICCU\CNCT\002739</subfield>
    <subfield code="z">Stamperia Camerale &lt;Roma&gt;</subfield>
  </datafield>
  <datafield tag="791" ind1="0" ind2="2">
    <subfield code="a">Impressores Camerales</subfield>
    <subfield code="3">IT\ICCU\CNCT\003607</subfield>
    <subfield code="z">Stamperia Camerale &lt;Roma&gt;</subfield>
  </datafield>
  <datafield tag="791" ind1="0" ind2="2">
    <subfield code="a">Stamperia della reverenda Camera Apostolica</subfield>
    <subfield code="3">IT\ICCU\CNCT\005740</subfield>
    <subfield code="z">Stamperia Camerale &lt;Roma&gt;</subfield>
  </datafield>
  <datafield tag="791" ind1="0" ind2="2">
    <subfield code="a">Stampatori Camerali</subfield>
    <subfield code="3">IT\ICCU\CNCT\005741</subfield>
    <subfield code="z">Stamperia Camerale &lt;Roma&gt;</subfield>
  </datafield>
  <datafield tag="791" ind1="0" ind2="2">
    <subfield code="a">Typographi Camerales</subfield>
    <subfield code="3">IT\ICCU\CNCT\005742</subfield>
    <subfield code="z">Stamperia Camerale &lt;Roma&gt;</subfield>
  </datafield>
  <datafield tag="801" ind1=" " ind2="3">
    <subfield code="a">IT</subfield>
    <subfield code="b">ICCU</subfield>
    <subfield code="c">20201115</subfield>
  </datafield>
  <datafield tag="899" ind1=" " ind2=" ">
    <subfield code="a">Biblioteca Vallicelliana. Roma</subfield>
    <subfield code="1">RM0281</subfield>
    <subfield code="2">RML 08</subfield>
  </datafield>
</record>
</collection>
